<?xml version="1.0" encoding="UTF-8"?><collection xmlns="http://www.loc.gov/MARC21/slim"><record><leader>00380nam--2200145-i-4500</leader><controlfield tag="001">000039180</controlfield><controlfield tag="002">20161230</controlfield><controlfield tag="005">20161230201042</controlfield><controlfield tag="008">060222s1000------------r-----000-0-eng-d</controlfield><datafield ind1=" " ind2=" " tag="080"><subfield code="a">541.124</subfield></datafield><datafield ind1=" " ind2=" " tag="100"><subfield code="a">Ritchie,Mowbray</subfield></datafield><datafield ind1=" " ind2=" " tag="245"><subfield code="a">Chemical kinetics in homogeneous systems</subfield></datafield><datafield ind1=" " ind2=" " tag="260"><subfield code="a">Edinburg, Oliver &amp; Boyd, 1966. Viii + 115 P</subfield></datafield><datafield ind1=" " ind2=" " tag="490"><subfield code="a">Univ.Chemical Texts</subfield></datafield><datafield ind1=" " ind2=" " tag="852"><subfield code="a">22507</subfield></datafield></record></collection>